2888 5010
197 239 238 302 72
682 230 881 286 rvvnunnis

197 401 393 467 consilium?
419 399 472 463 sed
498 397 575 482 quid
598 397 771 462 violentius
796 418 872 460 aure
896 395 1036 479 tyranni,

197 514 270 555 cum
295 512 358 573 quo
383 489 421 551 de
445 487 564 571 pluviis
590 490 645 550 aut
669 485 813 549 aestibus
839 490 895 549 aut
918 484 1069 549 nimboso

197 602 270 644 vere
293 578 432 642 locuturi
456 577 559 640 fatum
584 575 746 658 pendebat
771 574 890 638 amici?

196 669 253 732 ille
278 667 378 752 igitur
400 688 576 749 numquam
601 663 723 727 derexit
745 663 899 726 bracchia
922 667 1035 726 contra

198 760 385 838 torrentem,
407 777 466 819 nee
490 755 568 818 civis
593 758 664 817 erat
688 753 743 836 qui
767 752 869 815 libera
892 755 1004 836 posset

197 847 296 910 verba
319 846 419 909 animi
442 844 588 928 proferre
613 846 645 906 et
667 843 768 905 vitam
793 840 966 924 inpendere
989 862 1073 905 vero.

198 936 243 1000 sic
266 935 386 998 multas
409 934 532 997 hiemes
557 937 653 1015 atque
676 931 899 1014 octogensima
922 930 1004 993 vidit

198 1025 351 1106 solstitia,
374 1023 425 1086 his
451 1024 549 1085 armis
573 1021 629 1084 illa
654 1041 781 1103 quoque
804 1023 893 1083 tutus
917 1019 952 1081 in
976 1018 1058 1083 aula.

198 1114 363 1197 proximus
388 1111 530 1175 eiusdem
553 1110 751 1193 properabat
775 1107 899 1172 Acilius
924 1108 994 1171 aevi
1088 1147 1090 1150 -

198 1225 269 1266 cum
293 1204 407 1266 iuvene
430 1199 564 1283 indigno
589 1220 684 1281 quem
707 1219 795 1262 mors
819 1202 887 1261 tam
911 1219 1007 1262 saeva
1032 1201 1179 1262 maneret
1340 1216 1373 1264 95

199 1295 231 1354 et
254 1291 377 1355 domini
401 1288 518 1373 gladiis
542 1290 611 1351 tam
634 1286 805 1370 festinata3
830 1287 884 1351 sed
910 1286 987 1350 olim

199 1379 348 1464 prodigio
372 1401 432 1463 par
456 1376 562 1441 estin
585 1376 757 1440 nobilitate
781 1381 938 1458 senectae,

200 1469 284 1532 unde
307 1469 354 1550 fit,
377 1472 414 1531 ut
437 1466 549 1530 malim
573 1465 767 1529 fraterculus
791 1487 860 1528 esse
884 1465 1036 1548 gigantis,

199 1557 322 1641 profuit
345 1578 422 1641 ergo
445 1555 530 1619 nihil
554 1556 682 1638 misera,
706 1553 791 1637 quod
815 1555 994 1628 comminus
1019 1576 1112 1618 ursos

198 1646 322 1729 figebat
345 1645 503 1710 Numidas
527 1644 656 1708 Albana
679 1643 783 1706 nudus
806 1643 928 1706 harena

199 1738 344 1800 venator.
383 1735 454 1819 quis
479 1735 565 1796 enim
588 1735 653 1796 iam
676 1754 743 1796 non
766 1732 936 1816 intellegat
961 1735 1045 1795 artes

201 1824 377 1908 patricias?
401 1825 472 1908 quis
495 1824 637 1906 priscum
661 1821 742 1884 illud
765 1820 902 1884 miratur
925 1842 1069 1904 acumen,

271 2004 304 2052 95
334 1998 389 2051 iam
413 1998 441 2052 P
528 2002 560 2051 97
578 1995 619 2049 'in
638 2013 701 2066 pa:
723 2014 782 2050 una
805 1983 897 2051 littera
920 2001 970 2050 aut
992 1998 1064 2052 duae
1086 2015 1180 2053 erasae
1202 1999 1235 2052 in
1259 1998 1289 2050 P
1310 2016 1369 2052 cum

201 2069 332 2124 Pithoeus
403 2073 437 2122 98
456 2066 605 2138 gigantum
624 2083 640 2124 ς
660 2068 825 2122 Priscianus

203 2210 312 2264 heilsen
330 2227 386 2265 non
401 2211 506 2276 licebat,
524 2209 604 2263 nicht
619 2211 759 2276 nonlicet,
814 2211 887 2277 bria,
909 2210 997 2264 Vater
1018 2209 1076 2264 und
1096 2210 1179 2265 Sohn.
1216 2212 1273 2267 Der
1297 2214 1371 2268 Sohn

202 2283 273 2337 auch
292 2281 372 2336 nicht
389 2298 445 2336 non
464 2282 550 2335 licuit.
814 2297 872 2334 war
895 2281 934 2334 im
956 2281 980 2335 J.
1001 2287 1033 2334 91
1059 2282 1111 2335 mit
1129 2283 1231 2352 Trajan
1256 2284 1370 2338 Konsul.

236 2359 270 2407 86
298 2354 443 2407 uiolentius
462 2350 685 2421 cmpfindlicher,
705 2351 758 2419 eig.
814 2353 867 2405 Ihn
894 2352 957 2406 liele
985 2350 1129 2407 Domitian
1156 2354 1193 2407 im
1222 2355 1248 2409 J.
1273 2362 1307 2410 95
1331 2356 1371 2409 ala

203 2424 312 2493 wilder,
345 2423 479 2494 hoftiger,
512 2431 542 2491 8,
561 2429 594 2477 37
624 2440 670 2477 seu
694 2424 761 2491 quid
815 2423 864 2477 des
896 2422 1084 2478 Hochverrats
1114 2426 1282 2495 verdtchtig
1312 2443 1371 2482 ver»

201 2496 293 2551 adhuc
320 2501 358 2550 est
385 2497 457 2565 quod
487 2496 587 2561 fremat
618 2495 650 2548 in
680 2496 761 2549 terris
815 2496 927 2549 bannen
944 2495 1001 2548 und
1021 2495 1095 2549 dann
1113 2497 1201 2564 titten,
1221 2498 1309 2552 daher
1327 2500 1372 2552 dc·

200 2568 345 2622 uiolentius
363 2566 506 2635 (Adverb).
814 2567 885 2620 mini
894 2567 997 2634 placitis
1006 2567 1147 2633 festinata,
1159 2569 1321 2622 SuetDom.
1331 2574 1371 2622 10.

238 2645 271 2693 81
292 2639 445 2709 tiberganz
460 2637 760 2708 gewthnlicheDinge‚
814 2637 922 2691 Vorher
947 2638 1028 2690 hatte
1052 2637 1100 2691 ihn
1127 2638 1176 2692 der
1199 2638 1300 2694 Kaisar
1325 2657 1372 2709 ge·

202 2711 278 2764 Suet.
302 2711 381 2765 Dom.
408 2716 442 2764 10
472 2711 615 2779 aliquanto
648 2711 761 2764 celerius
814 2724 961 2777 zwungcn,
984 2709 1030 2762 bei
1054 2708 1109 2761 den
1130 2709 1300 2764 Juvenalien
1327 2711 1374 2764 aul

203 2783 240 2836 ad
253 2783 395 2836 saevitiam
410 2782 521 2836 desciuit
535 2799 617 2851 qnam
631 2783 668 2835 act
682 2781 760 2850 cupi·
816 2779 879 2833 dem
907 2778 1047 2832 Albanum
1076 2781 1129 2834 mit
1152 2780 1243 2834 einem
1271 2781 1374 2836 Ltwen

201 2854 319 2908 ditatem.
816 2869 849 2905 zu
863 2851 1005 2919 hempfen,
1019 2849 1073 2905 Dio
1085 2851 1113 2905 C.
1123 2850 1223 2905 LXVII
1236 2857 1276 2906 14.
1300 2852 1373 2907 Den-

238 2930 272 2978 88
290 2925 380 2990 fatum
385 2924 523 2992 pendebat
532 2923 560 2976 in
571 2922 761 2977 derSchwebe
814 2922 888 2976 noch
915 2923 1009 2975 wurde
1038 2939 1067 2976 cs
1096 2921 1155 2975 ihm
1183 2939 1248 2977 vom
1276 2922 1375 2979 Kaiser

205 3011 271 3061 war,
285 2995 315 3048 in
328 2992 480 3047 auseerster
494 2993 598 3048 Gefuhr
611 3010 678 3060 war,
692 2993 760 3048 viel·
816 3010 877 3046 zum
910 2991 1043 3047 Vorwurf
1071 2995 1216 3062 gemacht,
1249 2989 1294 3049 ὅτι
1326 2995 1376 3049 καὶ

206 3064 292 3118 leicht
308 3066 380 3117 nach
395 3064 461 3118 Hor.
472 3064 512 3117 llI
529 3072 552 3130 1,
569 3071 600 3119 17
620 3065 762 3119 destrictus
815 3065 929 3131 θηρίοις
948 3061 1075 3133 ἐμάχετο.
1112 3064 1192 3118 Auch
1210 3068 1260 3120 der
1278 3065 1374 3120 Plural

204 3137 275 3190 ensis
289 3137 335 3189 cui
348 3153 428 3204 super
442 3136 530 3203 impia
543 3137 643 3190 cervice
655 3137 760 3203 pendet.
815 3151 894 3191 ursas
907 3137 1006 3204 sipebat
1019 3136 1117 3190 deutet
1131 3136 1177 3190 ein
1191 3136 1373 3192 6111111Αυῖ-

240 3212 274 3260 89
307 3212 403 3261 eontra
435 3211 578 3261 torrentem
610 3207 762 3260 schwamm
816 3209 907 3261 tretcn
926 3208 955 3259 in
974 3207 1024 3260 der
1040 3209 1145 3262 harena
1163 3224 1207 3262 an.

205 3279 351 3346 (stcuerte)
371 3277 451 3330 nicht
472 3294 564 3346 gegen
587 3280 640 3332 den
660 3279 761 3346 Strom,
852 3284 887 3332 96
912 3279 985 3343 olim,
1004 3296 1038 3331 zu
1057 3284 1099 3345 10,
1120 3284 1178 3333 142.

204 3348 261 3417 vgl.
283 3349 333 3403 Ov.
348 3366 381 3402 ex
396 3348 477 3402 Pont.
496 3348 536 3401 III
556 3355 579 3416 t,
599 3354 615 3402 8
634 3366 667 3403 ne
686 3351 762 3403 toties
852 3354 886 3403 98
904 3350 1069 3416 fraterculus
1078 3351 1208 3419 pipantis,
1217 3351 1277 3405 also
1287 3350 1376 3405 selbot

204 3424 310 3487 contra,
328 3437 409 3490 quam
425 3421 502 3490 rapit
519 3423 645 3488 (torrens)
664 3422 763 3488 amun,
816 3421 908 3491 pipas,
932 3419 958 3473 d.
979 3421 1005 3474 h.
1025 3419 1200 3488 Erdensohn,
1225 3423 1275 3476 der
1292 3422 1375 3477 keine

203 3508 270 3545 eam.
817 3493 918 3545 Ahnen
944 3491 1007 3558 hat,
1036 3491 1088 3546 wie
1114 3498 1196 3558 6,13
1220 3509 1249 3547 es
1274 3492 1374 3548 haifst:

240 3567 274 3615 91
302 3561 383 3616 ocrim
406 3563 508 3630 animi,
535 3561 589 3617 wie
615 3562 683 3617 Sall.
704 3564 762 3633 lug.
816 3564 988 3631 compositive
1007 3565 1063 3617 luto
1082 3564 1173 3619 nultos
1190 3565 1308 3619 tabuere
1322 3582 1374 3633 pa·

204 3632 278 3686 Ivi
300 3633 434 3687 iudicium
462 3634 562 3701 aninti,
591 3632 650 3687 (lat.
675 3641 722 3702 61,
746 3641 762 3688 4
816 3640 911 3688 rentes.
949 3634 985 3688 So
1009 3635 1120 3689 werden
1146 3635 1190 3689 die
1210 3634 1303 3690 Sthnc
1326 3635 1377 3690 der

205 3704 613 3773 ferociaanimi,eig.freimtiti
634 3705 761 3774 e,Worte,
816 3705 912 3760 Tellus
949 3705 1236 3760 satirisch-komisch
1278 3723 1375 3776 umge-

203 3775 256 3828 wie
277 3792 307 3830 er
326 3792 355 3829 es
374 3776 413 3828 im
427 3776 535 3829 Hareen
550 3723 690 3845 empiand,
710 3775 761 3830 sei·
816 3776 921 3831 deutet.

204 3865 254 3901 ner
263 3848 377 3901 wahren
385 3845 573 3916 Empfindung
583 3847 761 3915 freimtitigen
851 3854 885 3902 99
912 3848 1021 3917 profuit
1038 3849 1123 3915 nihil,
1146 3865 1176 3903 es
1194 3848 1290 3903 warde
1316 3849 1375 3902 ihm

204 3918 353 3973 Ausdruck
363 3918 459 3987 geben.
472 3949 500 3957 -
515 3919 600 3972 citam
609 3920 762 3989 impendere
814 3920 854 3974 im
874 3917 1023 3988 Gegenteil
1043 3938 1106 3973 zum
1126 3918 1305 3974 Verbrechen
1327 3937 1373 3974 an·

203 4007 267 4044 cera
276 3991 326 4043 das
335 3988 429 4044 Leben
438 3989 577 4044 einsetzen
588 3990 655 4044 oder
666 3991 763 4060 optem
816 3992 975 4060 gerachnet.

204 4060 250 4114 fiir
268 4061 313 4116 die
333 4061 496 4129 Wahrheit'‚
514 4060 579 4115 Tac.
598 4061 650 4115 XII
670 4068 702 4116 66
722 4064 763 4117 ita
854 4061 1376 4132 102sq.pnis-miraturindersclben

205 4133 426 4188 asennaeum
445 4132 600 4201 Gaesarem,
623 4139 655 4188 ut
678 4135 763 4188 citam
818 4133 949 4202 Stellung
983 4140 1029 4202 13,
1060 4139 1109 4187 169
1142 4135 1204 4202 quis
1239 4135 1375 4189 tumidum

205 4204 271 4256 usui
288 4205 346 4258 eins
364 4206 535 4274 impenderet.
816 4210 913 4274 puttur
925 4207 1043 4259 miratur
1055 4206 1086 4258 in
1093 4205 1272 4273 141ρὶ61182-
1284 4205 1318 4258 L.
1325 4205 1375 4258 Iu·

242 4279 277 4327 94
308 4277 426 4330 nusum
458 4276 518 4331 aeui
548 4275 587 4330 ist
615 4275 682 4330 Gen.
715 4277 765 4330 der
817 4277 883 4330 nius
900 4277 1009 4330 Brutus
1032 4293 1090 4329 war
1114 4275 1309 4344 (nachhiv.1
1334 4283 1376 4345 66,

206 4342 406 4423 Eigenschaft,
443 4347 546 4402 ebenso
577 4347 679 4416 betagt
712 4348 764 4402 wie
819 4349 846 4417 7)
864 4349 969 4402 incenis
983 4349 1061 4416 lonpc
1074 4348 1148 4402 alius
1162 4349 1276 4417 inperiti,
1294 4365 1377 4416 quam

207 4414 307 4468 Vib1us
322 4416 442 4486 Crispus.
458 4451 490 4458 -
507 4417 559 4472 Μ’.
574 4417 683 4473 Acilius
699 4418 765 4473 Gla·
818 4420 898 4474 cuius
910 4419 1112 4474 simulationem
1125 4420 1264 4486 induerat,
1275 4450 1308 4458 —
1321 4425 1377 4474 sta·
